<?xml version="1.0" encoding="UTF-8"?><collection xmlns="http://www.loc.gov/MARC21/slim"><record><leader>00568nam--2200193-i-4500</leader><controlfield tag="001">000025119</controlfield><controlfield tag="002">20161230</controlfield><controlfield tag="005">20161230201035</controlfield><controlfield tag="008">060222s1000------------r-----000-0-eng-d</controlfield><datafield ind1=" " ind2=" " tag="040"><subfield code="a">IFIN-HH</subfield></datafield><datafield ind1=" " ind2=" " tag="080"><subfield code="a">539.23</subfield></datafield><datafield ind1="1" ind2=" " tag="100"><subfield code="a">Berry, Robert W</subfield></datafield><datafield ind1="1" ind2="0" tag="245"><subfield code="a">Thin film technology</subfield><subfield code="c">Robert w. berry, peter m. hall, murray t. harris</subfield></datafield><datafield ind1=" " ind2=" " tag="260"><subfield code="a">Princeton, New Jersey</subfield><subfield code="b">D.Van Nostrand Company, Inc</subfield><subfield code="c">1968</subfield></datafield><datafield ind1=" " ind2=" " tag="300"><subfield code="a">XII + 706 P</subfield></datafield><datafield ind1=" " ind2=" " tag="490"><subfield code="a">Bell Telephone Laboratories Series</subfield></datafield><datafield ind1="1" ind2=" " tag="700"><subfield code="a">Harris, Murray T</subfield></datafield><datafield ind1=" " ind2=" " tag="852"><subfield code="a">30027</subfield><subfield code="c">539.23</subfield></datafield><datafield ind1=" " ind2=" " tag="CAT"><subfield code="a">Sys</subfield><subfield code="c">20121214</subfield><subfield code="h">142343</subfield></datafield></record></collection>